<?xml version="1.0" encoding="UTF-8"?><collection xmlns="http://www.loc.gov/MARC21/slim"><record><leader>00445nam--2200133-i-4500</leader><controlfield tag="001">000004970</controlfield><controlfield tag="002">20161230</controlfield><controlfield tag="005">20170211153255</controlfield><controlfield tag="008">060222s1000------------r-----000-0-eng-d</controlfield><datafield ind1=" " ind2=" " tag="245"><subfield code="a">Bulletin solaire. Rotations 1396-1408. (13 jan vier 1958-2 janvier 1959). III</subfield></datafield><datafield ind1=" " ind2=" " tag="260"><subfield code="a">Bucuresti</subfield><subfield code="b">Editions De L Academie De La R.P.R</subfield><subfield code="c">1960</subfield></datafield><datafield ind1=" " ind2=" " tag="300"><subfield code="a">58 p</subfield></datafield><datafield ind1=" " ind2=" " tag="490"><subfield code="a">Acad.De La Rpr, Observatoire De Bucarest, Sect Eur Solaire</subfield></datafield><datafield ind1=" " ind2=" " tag="CAT"><subfield code="a">SYS</subfield><subfield code="c">20170211</subfield><subfield code="h">153255</subfield></datafield></record></collection>